<?xml version="1.0" encoding="UTF-8"?><collection xmlns="http://www.loc.gov/MARC21/slim"><record><leader>00328nam  2200085ua 45e0</leader><controlfield tag="008">070529s9999    xx            000 0 und d</controlfield><datafield ind1="1" ind2=" " tag="100"><subfield code="a">Muskett, Philip E.</subfield><subfield code="q">(Philip Edward).</subfield></datafield><datafield ind1="1" ind2="4" tag="245"><subfield code="a">The Art of Living in Australia</subfield><subfield code="h">[electronic resource].</subfield></datafield><datafield ind1=" " ind2=" " tag="500"><subfield code="a">An ebook provided by Project Gutenberg Australia.</subfield></datafield><datafield ind1="4" ind2="0" tag="856"><subfield code="u">http://gutenberg.net.au/ebooks/e00091.txt </subfield></datafield></record></collection>